@article{kumar2011analysis,
  title={Analysis of electronic voting system in various countries},
  author={Kumar, Sanjay and Walia, Ekta},
  journal={International Journal on Computer Science and Engineering},
  volume={3},
  number={5},
  pages={1825--1830},
  year={2011},
  publisher={Engg Journals Publications}
}

@article{gritzalis2002principles,
  title={Principles and requirements for a secure e-voting system},
  author={Gritzalis, Dimitris A},
  journal={Computers \& Security},
  volume={21},
  number={6},
  pages={539--556},
  year={2002},
  publisher={Elsevier}
}


@article{zheng2016blockchain,
  title={Blockchain challenges and opportunities: A survey},
  author={Zheng, Zibin and Xie, Shaoan and Dai, Hong-Ning and Wang, Huaimin},
  journal={Work Pap.--2016},
  year={2016}
}

@article{lamport1982byzantine,
  title={The Byzantine generals problem},
  author={Lamport, Leslie and Shostak, Robert and Pease, Marshall},
  journal={ACM Transactions on Programming Languages and Systems (TOPLAS)},
  volume={4},
  number={3},
  pages={382--401},
  year={1982},
  publisher={ACM}
}

@inproceedings{sankar2017survey,
  title={Survey of consensus protocols on blockchain applications},
  author={Sankar, Lakshmi Siva and Sindhu, M and Sethumadhavan, M},
  booktitle={2017 4th International Conference on Advanced Computing and Communication Systems (ICACCS)},
  pages={1--5},
  year={2017},
  organization={IEEE}
}

@article{mursi2014visual,
  title={Visual cryptography schemes: a comprehensive survey},
  author={Mursi, MFM and Salama, M and Mansour, M},
  journal={Int. J. Emerg. Res. Manage. Technol},
  volume={3},
  number={11},
  year={2014}
}


@article{locher2016receipt,
  title={Receipt-free remote electronic elections with everlasting privacy},
  author={Locher, Philipp and Haenni, Rolf},
  journal={Annals of Telecommunications},
  volume={71},
  number={7-8},
  pages={323--336},
  year={2016},
  publisher={Springer}
}

@inproceedings{moura2017blockchain,
  title={Blockchain Voting and its effects on Election Transparency and Voter Confidence},
  author={Moura, Teogenes and Gomes, Alexandre},
  booktitle={Proceedings of the 18th Annual International Conference on Digital Government Research},
  pages={574--575},
  year={2017},
  organization={ACM}
}

@article{aranha2016crowdsourced,
  title={Crowdsourced integrity verification of election results},
  author={Aranha, Diego F and Ribeiro, Helder and Paraense, Andr{\'e} Luis Ogando},
  journal={Annals of Telecommunications},
  volume={71},
  number={7-8},
  pages={287--297},
  year={2016},
  publisher={Springer}
}

@inproceedings{adida2008helios,
  title={Helios: Web-based Open-Audit Voting.},
  author={Adida, Ben},
  booktitle={USENIX security symposium},
  volume={17},
  pages={335--348},
  year={2008}
}

@article{burton2016vvote,
  title={vVote: Verifiable electronic voting in practice},
  author={Burton, Craig and Culnane, Chris and Schneider, Steve},
  journal={IEEE Security \& Privacy},
  volume={14},
  number={4},
  pages={64--73},
  year={2016},
  publisher={IEEE}
}

@inproceedings{delaune2006coercion,
  title={Coercion-resistance and receipt-freeness in electronic voting},
  author={Delaune, Stephanie and Kremer, Steve and Ryan, Mark},
  booktitle={Computer Security Foundations Workshop, 2006. 19th IEEE},
  pages={12--pp},
  year={2006},
  organization={IEEE}
}

@inproceedings{elecciones2016,
 title={Estadísticas de las elecciones generales 2016},
 organization={Jurado Nacional de Elecciones (JNE)},
 year={2016}
}

@inproceedings{elecciones2011,
 title={Elecciones generales 2011, Estadísticas del padrón electoral},
organization={Jurado Nacional de Elecciones (JNE)},
 year={2011}
}

@online{elecciones2016ONPE,
 title={Segunda elección presidencial 2016: Participación Ciudadana},
 organization={Oficina Nacional de Procesos Electorales (ONPE)},
 year={2016},
 url={https://www.web.onpe.gob.pe/modElecciones/elecciones/elecciones2016/PRP2V2016/Participacion-ciudadana-Total-Todos-Pie.html}
}

@article{nakamoto2008bitcoin,
  title={Bitcoin: A peer-to-peer electronic cash system},
  author={Nakamoto, Satoshi},
  year={2008}
}

@article{nofer2017blockchain,
  title={Blockchain},
  author={Nofer, Michael and Gomber, Peter and Hinz, Oliver and Schiereck, Dirk},
  journal={Business \& Information Systems Engineering},
  volume={59},
  number={3},
  pages={183--187},
  year={2017},
  publisher={Springer}
}

@inproceedings{azaria2016medrec,
  title={Medrec: Using blockchain for medical data access and permission management},
  author={Azaria, Asaph and Ekblaw, Ariel and Vieira, Thiago and Lippman, Andrew},
  booktitle={Open and Big Data (OBD), International Conference on},
  pages={25--30},
  year={2016},
  organization={IEEE}
}

@inproceedings{hardjono2016cloud,
  title={Cloud-based commissioning of constrained devices using permissioned blockchains},
  author={Hardjono, Thomas and Smith, Ned},
  booktitle={Proceedings of the 2nd ACM International Workshop on IoT Privacy, Trust, and Security},
  pages={29--36},
  year={2016},
  organization={ACM}
}

@inproceedings{sharples2016blockchain,
  title={The blockchain and kudos: A distributed system for educational record, reputation and reward},
  author={Sharples, Mike and Domingue, John},
  booktitle={European Conference on Technology Enhanced Learning},
  pages={490--496},
  year={2016},
  organization={Springer}
}

@article{gjosteen2016experiment,
  title={An experiment on the security of the norwegian electronic voting protocol},
  author={Gj{\o}steen, Kristian and Lund, Anders Smedstuen},
  journal={Annals of Telecommunications},
  volume={71},
  number={7-8},
  pages={299--307},
  year={2016},
  publisher={Springer}
}

@article{neumann2016secivo,
  title={SecIVo: a quantitative security evaluation framework for internet voting schemes},
  author={Neumann, Stephan and Volkamer, Melanie and Budurushi, Jurlind and Prandini, Marco},
  journal={Annals of Telecommunications},
  volume={71},
  number={7-8},
  pages={337--352},
  year={2016},
  publisher={Springer}
}

@inproceedings{locher2016coercion,
  title={Coercion-resistant internet voting with everlasting privacy},
  author={Locher, Philipp and Haenni, Rolf and Koenig, Reto E},
  booktitle={International Conference on Financial Cryptography and Data Security},
  pages={161--175},
  year={2016},
  organization={Springer}
}

@inproceedings{grewal2015vote,
  title={Du-vote: Remote electronic voting with untrusted computers},
  author={Grewal, Gurchetan S and Ryan, Mark D and Chen, Liqun and Clarkson, Michael R},
  booktitle={Computer Security Foundations Symposium (CSF), 2015 IEEE 28th},
  pages={155--169},
  year={2015},
  organization={IEEE}
}

@article{tiryakioglu2016trvote,
  title={TRVote: A New, Trustworthy and Robust Electronic Voting System.},
  author={Tiryakioglu, Fatih and Kiraz, Mehmet Sabir and Birinci, Fatih and Karahan, Mehmet},
  journal={IACR Cryptology ePrint Archive},
  volume={2016},
  pages={331},
  year={2016}
}

@inproceedings{mccorry2017smart,
  title={A smart contract for boardroom voting with maximum voter privacy},
  author={McCorry, Patrick and Shahandashti, Siamak F and Hao, Feng},
  booktitle={International Conference on Financial Cryptography and Data Security},
  pages={357--375},
  year={2017},
  organization={Springer}
}

@inproceedings{hanifatunnisa2017blockchain,
  title={Blockchain based e-voting recording system design},
  author={Hanifatunnisa, Rifa and Rahardjo, Budi},
  booktitle={Telecommunication Systems Services and Applications (TSSA), 2017 11th International Conference on},
  pages={1--6},
  year={2017},
  organization={IEEE}
}

@article{wood2014ethereum,
  title={Ethereum: A secure decentralised generalised transaction ledger},
  author={Wood, Gavin},
  journal={Ethereum project yellow paper},
  volume={151},
  pages={1--32},
  year={2014}
}

@article{schwartz2014ripple,
  title={The Ripple protocol consensus algorithm},
  author={Schwartz, David and Youngs, Noah and Britto, Arthur and others},
  journal={Ripple Labs Inc White Paper},
  volume={5},
  year={2014}
}

@misc{van2013cryptonote,
  title={Cryptonote v 2. 0},
  author={Van Saberhagen, Nicolas},
  year={2013}
}

@inproceedings{naor1994visual,
  title={Visual cryptography},
  author={Naor, Moni and Shamir, Adi},
  booktitle={Workshop on the Theory and Application of of Cryptographic Techniques},
  pages={1--12},
  year={1994},
  organization={Springer}
}

@article{visualSlide,
 title={Visual cryptography},
 author={Pallavi Khandekar},
 year={2013},
 organization={Slides}
}

@inproceedings{bernhard2017public,
  title={Public Evidence from Secret Ballots},
  author={Bernhard, Matthew and Benaloh, Josh and Halderman, J Alex and Rivest, Ronald L and Ryan, Peter YA and Stark, Philip B and Teague, Vanessa and Vora, Poorvi L and Wallach, Dan S},
  booktitle={International Joint Conference on Electronic Voting},
  pages={84--109},
  year={2017},
  organization={Springer}
}

@phdthesis{matela2017asymmetric,
  title={Asymmetric Cryptography (AsymmCrypto)},
  author={Matela, Mwashi},
  year={2017},
  school={School of Enginneering, Information and Communications University}
}

@article{mitali2014survey,
  title={A survey on various cryptography techniques},
  author={Mitali, Vijay Kumar and Sharma, Arvind},
  journal={International Journal of Emerging Trends \& Technology in Computer Science (IJETTCS)},
  volume={3},
  number={4},
  pages={307--312},
  year={2014}
}

@incollection{desmedt2011elgamal,
  title={Elgamal public key encryption},
  author={Desmedt, Yvo},
  booktitle={Encyclopedia of Cryptography and Security},
  pages={396--396},
  year={2011},
  publisher={Springer}
}

@article{groth2009homomorphic,
  title={Homomorphic Trapdoor Commitments to Group Elements.},
  author={Groth, Jens},
  journal={IACR Cryptology ePrint Archive},
  volume={2009},
  pages={7},
  year={2009}
}

@inproceedings{pedersen1991non,
  title={Non-interactive and information-theoretic secure verifiable secret sharing},
  author={Pedersen, Torben Pryds},
  booktitle={Annual International Cryptology Conference},
  pages={129--140},
  year={1991},
  organization={Springer}
}

@article{kurmi2015survey,
  title={A survey of zero-knowledge proof for authentication},
  author={Kurmi, Jitendra and Sodhi, Ankur},
  journal={Int J Adv Res Comput Sci Softw Eng},
  volume={5},
  number={1},
  year={2015}
}

@article{acar2017survey,
  title={A Survey on Homomorphic Encryption Schemes: Theory and Implementation},
  author={Acar, Abbas and Aksu, Hidayet and Uluagac, A Selcuk and Conti, Mauro},
  journal={arXiv preprint arXiv:1704.03578},
  year={2017}
}

@inproceedings{li2017proof,
  title={Proof of Vote: A High-Performance Consensus Protocol Based on Vote Mechanism \& Consortium Blockchain},
  author={Li, Kejiao and Li, Hui and Hou, Hanxu and Li, Kedan and Chen, Yongle},
  booktitle={High Performance Computing and Communications; IEEE 15th International Conference on Smart City; IEEE 3rd International Conference on Data Science and Systems (HPCC/SmartCity/DSS), 2017 IEEE 19th International Conference on},
  pages={466--473},
  year={2017},
  organization={IEEE}
}
